<?xml version="1.0" encoding="UTF-8"?><collection xmlns="http://www.loc.gov/MARC21/slim"><record><leader>00413nam--2200145-i-4500</leader><controlfield tag="001">000016445</controlfield><controlfield tag="002">20161230</controlfield><controlfield tag="005">20170208154319</controlfield><controlfield tag="008">060222s1000------------r-----000-0-eng-d</controlfield><datafield ind1=" " ind2=" " tag="100"><subfield code="a">De Vries, Adolf Eduard</subfield></datafield><datafield ind1=" " ind2=" " tag="245"><subfield code="a">The enrichment of radioactive isotopes by thermal diffusion</subfield><subfield code="b">dessert</subfield></datafield><datafield ind1=" " ind2=" " tag="260"><subfield code="a">Amsterdam</subfield><subfield code="b">Universiteit</subfield><subfield code="c">1956</subfield></datafield><datafield ind1=" " ind2=" " tag="300"><subfield code="a">85 p</subfield></datafield><datafield ind1=" " ind2=" " tag="852"><subfield code="a">621.039.8.002(043)</subfield></datafield><datafield ind1=" " ind2=" " tag="CAT"><subfield code="a">SYS</subfield><subfield code="c">20170208</subfield><subfield code="h">154319</subfield></datafield></record></collection>